<?xml version="1.0" encoding="UTF-8" ?>
<collection xmlns:xsi="http://www.w3.org/2001/XMLSchema-instance"
    xsi:schemaLocation="http://www.loc.gov/MARC21/slim
        http://www.loc.gov/standards/marcxml/schema/MARC21slim.xsd"
    xmlns="http://www.loc.gov/MARC21/slim">
<record>
  <leader>00242cam a2200457 ia4500</leader>
  <controlfield tag="001">b12344758</controlfield>
  <controlfield tag="003">LeBAU</controlfield>
  <controlfield tag="005">20140311</controlfield>
  <controlfield tag="008">970212m19111928tu            ||0 0 ara d</controlfield>
  <datafield tag="035" ind1=" " ind2=" ">
    <subfield code="a">ocn784219402</subfield>
  </datafield>
  <datafield tag="040" ind1=" " ind2=" ">
    <subfield code="a">LEAUB</subfield>
    <subfield code="b">ara</subfield>
    <subfield code="e">rda</subfield>
    <subfield code="c">LEAUB</subfield>
    <subfield code="d">LEAUB</subfield>
  </datafield>
  <datafield tag="082" ind1="0" ind2="4">
    <subfield code="a">297.1227</subfield>
    <subfield code="2">22</subfield>
  </datafield>
  <datafield tag="100" ind1="1" ind2=" ">
    <subfield code="6">880-01</subfield>
    <subfield code="a">İsmail Hakkı,</subfield>
    <subfield code="c">Bursalı,</subfield>
    <subfield code="d">1653-1724 or 1725,</subfield>
    <subfield code="e">author.</subfield>
  </datafield>
  <datafield tag="245" ind1="1" ind2="0">
    <subfield code="6">880-02</subfield>
    <subfield code="a">Tafsīr rūḥ al-bayān /</subfield>
    <subfield code="c">ta’līf al-imām al-‘ālim al-fāḍil wa-al-shaykh al-naḥrīr al-kāmil al-jāmi‘ bayna al-bawāṭin wa-al-ẓawāhir wa-mafkhar al-amāthil wa-al-akābir khātimat al-mufassirīn wa-qudwat arbāb al-ḥaqīqah wa-al-yaqīn farīd awānihi wa-quṭb zamānihi manba‘ jamī‘ al-‘ulūm mawlānā wa-mawlá al-Rūm al-shaykh Ismā‘īl Ḥaqqī al-Brūsawī al-mutawaffá sanat 1137 .</subfield>
  </datafield>
  <datafield tag="246" ind1="3" ind2="0">
    <subfield code="6">880-03</subfield>
    <subfield code="a">Rūḥ al-bayān</subfield>
  </datafield>
  <datafield tag="264" ind1=" " ind2="1">
    <subfield code="6">880-04</subfield>
    <subfield code="a">Dirsa‘ādat :</subfield>
    <subfield code="b">al-Maṭbaʻah al-ʻUthmānīyah,</subfield>
    <subfield code="c">1330-[1347?] H. = [1911?]-1928 M.</subfield>
  </datafield>
  <datafield tag="300" ind1=" " ind2=" ">
    <subfield code="6">880-05</subfield>
    <subfield code="a">10 volumes ;</subfield>
    <subfield code="c">29 cm</subfield>
  </datafield>
  <datafield tag="336" ind1=" " ind2=" ">
    <subfield code="a">text</subfield>
    <subfield code="b">txt</subfield>
    <subfield code="2">rdacontent</subfield>
  </datafield>
  <datafield tag="337" ind1=" " ind2=" ">
    <subfield code="a">unmediated</subfield>
    <subfield code="b">n</subfield>
    <subfield code="2">rdamedia</subfield>
  </datafield>
  <datafield tag="338" ind1=" " ind2=" ">
    <subfield code="a">volume</subfield>
    <subfield code="b">nc</subfield>
    <subfield code="2">rdacarrier</subfield>
  </datafield>
  <datafield tag="630" ind1="0" ind2="4">
    <subfield code="a">قرآن</subfield>
    <subfield code="x">تفسير وتأويل</subfield>
    <subfield code="v">أعمال قديمة حتى 1800.</subfield>
  </datafield>
  <datafield tag="630" ind1="0" ind2="0">
    <subfield code="a">Qurʼan</subfield>
    <subfield code="x">Commentaries</subfield>
    <subfield code="v">Early works to 1800.</subfield>
  </datafield>
  <datafield tag="852" ind1=" " ind2=" ">
    <subfield code="a">Jafet Library</subfield>
    <subfield code="e">American University of Beirut, Bliss Street , Beirut, Lebanon.</subfield>
  </datafield>
  <datafield tag="880" ind1="1" ind2=" ">
    <subfield code="6">100-01/(3/r</subfield>
    <subfield code="a">اسماعيل حقي،</subfield>
    <subfield code="c">البروسوي،</subfield>
    <subfield code="d">1653-1724 او 1725،</subfield>
    <subfield code="e">مؤلف. </subfield>
    <subfield code="4">aut.</subfield>
  </datafield>
  <datafield tag="880" ind1="1" ind2="0">
    <subfield code="6">245-02/(3/r</subfield>
    <subfield code="a">تفسير روح البيان /</subfield>
    <subfield code="c">تأليف الإمام العالم الفاضل والشيخ النحرير الكامل الجامع بين البواطن والظواهر ومفخر الأماثل والأكابر خاتمة المفسرين وقدوة أرباب الحقيقة واليقين فريد أوانه وقطب زمانه منبع جميع العلوم مولانا ومولى الروم الشيخ إسماعيل حقي البروسوي المتوفى سنة 1137.</subfield>
  </datafield>
  <datafield tag="880" ind1="3" ind2="0">
    <subfield code="6">246-03/(3/r</subfield>
    <subfield code="a">روح البيان</subfield>
  </datafield>
  <datafield tag="880" ind1=" " ind2="1">
    <subfield code="6">264-04/(3/r</subfield>
    <subfield code="a">درسعادت :</subfield>
    <subfield code="b">المطبعة العثمانية،</subfield>
    <subfield code="c">1330-[1347؟] هـ. = [1911؟]-1928 م.</subfield>
  </datafield>
  <datafield tag="880" ind1=" " ind2=" ">
    <subfield code="6">300-05/(3/r</subfield>
    <subfield code="a">10 جلود ؛</subfield>
    <subfield code="c">29 سم</subfield>
  </datafield>
  <datafield tag="907" ind1=" " ind2=" ">
    <subfield code="a">.b12344758</subfield>
    <subfield code="b">16-10-20</subfield>
    <subfield code="c">11-05-24</subfield>
  </datafield>
  <datafield tag="907" ind1=" " ind2=" ">
    <subfield code="a">.b12344758</subfield>
    <subfield code="b">15-10-15</subfield>
    <subfield code="c">11-05-24</subfield>
  </datafield>
  <datafield tag="945" ind1=" " ind2=" ">
    <subfield code="f">J</subfield>
    <subfield code="a">297.1227:H155tA:v.1:c.1</subfield>
    <subfield code="g">1</subfield>
    <subfield code="i">01005340</subfield>
    <subfield code="j">.i12786949</subfield>
    <subfield code="l">u0503</subfield>
  </datafield>
  <datafield tag="945" ind1=" " ind2=" ">
    <subfield code="f">J</subfield>
    <subfield code="a">297.1227:H155tA:v.2:c.1</subfield>
    <subfield code="g">1</subfield>
    <subfield code="i">01005341</subfield>
    <subfield code="j">.i12786950</subfield>
    <subfield code="l">u0503</subfield>
  </datafield>
  <datafield tag="945" ind1=" " ind2=" ">
    <subfield code="f">J</subfield>
    <subfield code="a">297.1227:H155tA:v.3:c.1</subfield>
    <subfield code="g">1</subfield>
    <subfield code="i">01005343</subfield>
    <subfield code="j">.i12786962</subfield>
    <subfield code="l">u0503</subfield>
  </datafield>
  <datafield tag="945" ind1=" " ind2=" ">
    <subfield code="f">J</subfield>
    <subfield code="a">297.1227:H155tA:v.4:c.1</subfield>
    <subfield code="g">1</subfield>
    <subfield code="i">01005344</subfield>
    <subfield code="j">.i12786974</subfield>
    <subfield code="l">u0503</subfield>
  </datafield>
  <datafield tag="945" ind1=" " ind2=" ">
    <subfield code="f">J</subfield>
    <subfield code="a">297.1227:H155tA:v.5:c.1</subfield>
    <subfield code="g">1</subfield>
    <subfield code="i">01005346</subfield>
    <subfield code="j">.i12786986</subfield>
    <subfield code="l">u0503</subfield>
  </datafield>
  <datafield tag="945" ind1=" " ind2=" ">
    <subfield code="f">J</subfield>
    <subfield code="a">297.1227:H155tA:v.6:c.1</subfield>
    <subfield code="g">1</subfield>
    <subfield code="i">01005348</subfield>
    <subfield code="j">.i12786998</subfield>
    <subfield code="l">u0503</subfield>
  </datafield>
  <datafield tag="945" ind1=" " ind2=" ">
    <subfield code="f">J</subfield>
    <subfield code="a">297.1227:H155tA:v.7:c.1</subfield>
    <subfield code="g">1</subfield>
    <subfield code="i">01005349</subfield>
    <subfield code="j">.i12787000</subfield>
    <subfield code="l">u0503</subfield>
  </datafield>
  <datafield tag="945" ind1=" " ind2=" ">
    <subfield code="f">J</subfield>
    <subfield code="a">297.1227:H155tA:v.8:c.1</subfield>
    <subfield code="g">1</subfield>
    <subfield code="i">01005350</subfield>
    <subfield code="j">.i12787012</subfield>
    <subfield code="l">u0503</subfield>
  </datafield>
  <datafield tag="945" ind1=" " ind2=" ">
    <subfield code="f">J</subfield>
    <subfield code="a">297.1227:H155tA:v.9:c.1</subfield>
    <subfield code="g">1</subfield>
    <subfield code="i">01005351</subfield>
    <subfield code="j">.i12787024</subfield>
    <subfield code="l">u0503</subfield>
  </datafield>
  <datafield tag="945" ind1=" " ind2=" ">
    <subfield code="f">J</subfield>
    <subfield code="a">297.1227:H155tA:v.10:c.1</subfield>
    <subfield code="g">1</subfield>
    <subfield code="i">01005352</subfield>
    <subfield code="j">.i12787036</subfield>
    <subfield code="l">u0503</subfield>
  </datafield>
  <datafield tag="998" ind1=" " ind2=" ">
    <subfield code="a">u05</subfield>
    <subfield code="b">97-02-12</subfield>
    <subfield code="c">m</subfield>
    <subfield code="d">a</subfield>
    <subfield code="e">-</subfield>
    <subfield code="f">ara</subfield>
    <subfield code="g">tu </subfield>
    <subfield code="h">0</subfield>
    <subfield code="i">10</subfield>
  </datafield>
</record>
</collection>
